@article{
  EnomotoKanoOta1988,
  title={A sufficient condition for a bipartite graph to have a $k$-factor},
  author={Enomoto, Hikoe and Ota, Katsuhiro and Kano, Mikio},
  journal={Journal of graph theory},
  volume={12},
  number={1},
  pages={141--151},
  year={1988},
  publisher={Wiley Online Library}
}

@article{
  Frieze1988,
  title={An algorithm for finding Hamilton cycles in random directed graphs},
  author={Frieze, Alan M.},
  journal={Journal of Algorithms},
  volume={9},
  number={2},
  pages={181--204},
  year={1988},
  publisher={Elsevier}
}

@article{
  Pyber1985,
  title={Regular subgraphs of dense graphs},
  author={Pyber, Laszlo},
  journal={Combinatorica},
  volume={5},
  number={4},
  pages={347--349},
  year={1985},
  publisher={Springer}
}

@article{
  Bollobas2006,
  title={Regular subgraphs of random graphs},
  author={Bollob{\'a}s, B{\'e}la and Kim, Jeong Han and Verstra{\"e}te, Jacques},
  journal={Random Structures \& Algorithms},
  volume={29},
  number={1},
  pages={1--13},
  year={2006},
  publisher={Wiley Online Library}
}

@book{
  Janson2011,
  title={Random Graphs},
  author={Janson, Svante and Luczak, Tomasz and Rucinski, Andrzej},
  isbn={9781118030967},
  series={Wiley Series in Discrete Mathematics and Optimization},
  year={2011},
  publisher={Wiley}
}
